<record><leader>00000cas a22000007a 4500</leader><controlfield tag="001">16702082</controlfield><controlfield tag="008">870917d19481952ohuwr ne      0    0eng d</controlfield><datafield ind1=" " ind2=" " tag="010"><subfield code="a">sn 87076687 </subfield></datafield><datafield ind1=" " ind2=" " tag="040"><subfield code="a">ONP</subfield><subfield code="b">eng</subfield><subfield code="c">ONP</subfield><subfield code="d">OCLCQ</subfield></datafield><datafield ind1=" " ind2=" " tag="042"><subfield code="a">msc</subfield></datafield><datafield ind1="0" ind2="0" tag="245"><subfield code="a">Norwalk experiment news.</subfield></datafield><datafield ind1=" " ind2=" " tag="260"><subfield code="a">Norwalk, Ohio :</subfield><subfield code="b">Experiment News Print. Co.,</subfield><subfield code="c">1948-1952.</subfield></datafield><datafield ind1=" " ind2=" " tag="310"><subfield code="a">Weekly</subfield></datafield><datafield ind1="0" ind2=" " tag="362"><subfield code="a">Vol. 113, no. 27 (Feb. 19, 1948)-v. 118, no. 38 (June 19, 1952).</subfield></datafield><datafield ind1=" " ind2=" " tag="752"><subfield code="a">United States</subfield><subfield code="b">Ohio</subfield><subfield code="c">Huron</subfield><subfield code="d">Norwalk.</subfield></datafield><datafield ind1="0" ind2="0" tag="780"><subfield code="t">Norwalk experiment and Huron County news</subfield><subfield code="w">(DLC)sn 87076686</subfield></datafield></record>